@Book{bib1,
	title= "Python Programming for the Absolute Beginner, 3rd Edition",
	author="Доусон Майкл",
	publisher="Прогресс книга",
	year={2019},
	pages="416"
}

@Book{bib2,
	title= "The IDLE User Interface",
	author="Lutz, M",
	publisher="O'Reilly Media",
	year={2013},
	}

@Book{bib3,
	title= "Time",
	url = "https://docs.python.org/3/library/time.html",
	}

@Book{bib4,
	title= "Memory Profiler",
	url = "https://pypi.org/project/memory-profiler/",
	}
